
@article{         debreu.marchesiello.ea_OM12,
  title         = "Two-way nesting in split-explicit ocean models:
                  Algorithms, implementation and validation",
  pages         = "1--21",
  journal       = "Ocean Modelling",
  volume        = "49-50",
  author        = "Debreu, Laurent and Marchesiello, Patrick and Penven,
                  Pierrick and Cambon, Gildas",
  year          = "2012",
  month         = "Jun",
  publisher     = "Elsevier BV",
  issn          = "1463-5003",
  doi           = "10.1016/j.ocemod.2012.03.003"
}

@article{         penven.debreu.ea_OM06,
  title         = "Evaluation and application of the ROMS 1-way embedding
                  procedure to the central california upwelling system",
  pages         = "157--187",
  journal       = "Ocean Modelling",
  volume        = "12",
  number        = "1-2",
  author        = "Penven, Pierrick and Debreu, Laurent and Marchesiello,
                  Patrick and McWilliams, James C.",
  year          = "2006",
  month         = "Jan",
  publisher     = "Elsevier BV",
  issn          = "1463-5003",
  doi           = "10.1016/j.ocemod.2005.05.002"
}

@article{         spall.holland_JPO91,
  title         = "A Nested Primitive Equation Model for Oceanic
                  Applications",
  pages         = "205--220",
  journal       = "Journal of Physical Oceanography",
  volume        = "21",
  number        = "2",
  author        = "Spall, Michael A. and Holland, William R.",
  year          = "1991",
  month         = "Feb",
  publisher     = "American Meteorological Society",
  issn          = "1520-0485",
  doi           = "10.1175/1520-0485(1991)021<0205:anpemf>2.0.co;2"
}
