
@article{         brodeau.barnier.ea_JPO16,
  title         = "Climatologically Significant Effects of Some
                  Approximations in the Bulk Parameterizations of Turbulent
                  Air–Sea Fluxes",
  pages         = "5--28",
  journal       = "Journal of Physical Oceanography",
  volume        = "47",
  number        = "1",
  author        = "Brodeau, Laurent and Barnier, Bernard and Gulev, Sergey K.
                  and Woods, Cian",
  year          = "2016",
  month         = "Dec",
  publisher     = "American Meteorological Society",
  issn          = "1520-0485",
  doi           = "10.1175/jpo-d-16-0169.1"
}

@techreport{      burchard.bolding_trpt02,
  title         = "GETM, A General Estuarine Transport Model: Scientific
                  Documentation",
  pages         = "",
  series        = "Tech. Rep. EUR 20253 EN",
  author        = "Burchard, Hans and Bolding, Karsten",
  institution   = "European Commission",
  year          = "2002",
  month         = "01"
}

@article{         haidvogel.beckmann_SESM99,
  title         = "Numerical Ocean Circulation Modeling",
  journal       = "Series on Environmental Science and Management",
  author        = "Haidvogel, Dale B and Beckmann, Aike",
  year          = "1999",
  month         = "Apr",
  publisher     = "IMPERIAL COLLEGE PRESS",
  issn          = "0219-9793",
  isbn          = "9781860943935",
  doi           = "10.1142/p097"
}

@article{         ilıcak.adcroft.ea_OM12,
  title         = "Spurious dianeutral mixing and the role of momentum
                  closure",
  pages         = "37--58",
  journal       = "Ocean Modelling",
  volume        = "45-46",
  author        = "Ilıcak, Mehmet and Adcroft, Alistair J. and Griffies,
                  Stephen M. and Hallberg, Robert W.",
  year          = "2012",
  month         = "Jan",
  publisher     = "Elsevier BV",
  issn          = "1463-5003",
  doi           = "10.1016/j.ocemod.2011.10.003"
}

@article{         lipscomb.hunke_MWR04,
  title         = "Modeling Sea Ice Transport Using Incremental Remapping",
  pages         = "1341--1354",
  journal       = "Monthly Weather Review",
  volume        = "132",
  number        = "6",
  author        = "Lipscomb, William H. and Hunke, Elizabeth C.",
  year          = "2004",
  month         = "Jun",
  publisher     = "American Meteorological Society",
  issn          = "1520-0493",
  doi           = "10.1175/1520-0493(2004)132<1341:msitui>2.0.co;2"
}

@article{         losch_JGR08,
  title         = "Modeling ice shelf cavities in a z coordinate ocean
                  general circulation model",
  journal       = "Journal of Geophysical Research",
  volume        = "113",
  number        = "C8",
  author        = "Losch, M.",
  year          = "2008",
  month         = "Aug",
  publisher     = "American Geophysical Union (AGU)",
  issn          = "0148-0227",
  doi           = "10.1029/2007jc004368"
}

@article{         mathiot.jenkins.ea_GMD17,
  title         = "Explicit representation and parametrised impacts of under
                  ice shelf seas in the ${z}^{\ast}$ coordinate ocean model
                  NEMO 3.6",
  pages         = "2849--2874",
  journal       = "Geoscientific Model Development",
  volume        = "10",
  number        = "7",
  author        = "Mathiot, Pierre and Jenkins, Adrian and Harris,
                  Christopher and Madec, Gurvan",
  year          = "2017",
  month         = "Jul",
  publisher     = "Copernicus GmbH",
  issn          = "1991-9603",
  doi           = "10.5194/gmd-10-2849-2017"
}

@article{         schär.smolarkiewicz_JCP96,
  title         = "A Synchronous and Iterative Flux-Correction Formalism for
                  Coupled Transport Equations",
  pages         = "101--120",
  journal       = "Journal of Computational Physics",
  volume        = "128",
  number        = "1",
  author        = "Schär, Christoph and Smolarkiewicz, Piotr K.",
  year          = "1996",
  month         = "Oct",
  publisher     = "Elsevier BV",
  issn          = "0021-9991",
  doi           = "10.1006/jcph.1996.0198"
}
