@article{DEBREU2012,
   title = "Two-way nesting in split-explicit ocean models: Algorithms, implementation and validation",
   journal = "Ocean Modelling",
   volume = "49-50",
   pages = "1 - 21",
   year = "2012",
   issn = "1463-5003",
   doi = "10.1016/j.ocemod.2012.03.003",
   author = "Laurent Debreu and Patrick Marchesiello and Pierrick Penven and Gildas Cambon",
   keywords = "Two-way nesting, Finite difference method, Modeling, Boundary conditions, Coastal upwelling"
}

@article{PENVEN2006,
   title = "Evaluation and application of the {ROMS} 1-way embedding procedure to the central california upwelling system",
   journal = "Ocean Modelling",
   volume = "12",
   number = "1",
   pages = "157 - 187",
   year = "2006",
   issn = "1463-5003",
   doi = "10.1016/j.ocemod.2005.05.002",
   author = "Pierrick Penven and Laurent Debreu and Patrick Marchesiello and James C. McWilliams",
   keywords = "Ocean models, Boundary conditions, Embedding, Coastal upwelling, Mesoscale eddies, Eddy kinetic energy, North America, West Coast, Central upwelling system, Monterey Bay, 35–41°N, 128–121°W"
}

@article{SPALL1991,
   author = {Spall, Michael A. and Holland, William R.},
   title = {A Nested Primitive Equation Model for Oceanic Applications},
   journal = {Journal of Physical Oceanography},
   volume = {21},
   number = {2},
   pages = {205-220},
   year = {1991},
   doi = {10.1175/1520-0485(1991)021<0205:ANPEMF>2.0.CO;2},
}
