@manual{NEMO_manual,
   title={NEMO ocean engine},
   author={Madec Gurvan and NEMO System Team},
   organization={NEMO Consortium},
   journal={Notes du Pôle de modélisation de l\'Institut Pierre-Simon Laplace (IPSL)},
   number={27},
   publisher={Zenodo},
   abstract={The ocean engine of NEMO is a primitive equation model adapted to regional and
   global ocean circulation problems.
   It is intended to be a flexible tool for studying the ocean and its interactions with
   the others components of the earth climate system over a wide range of space and time scales.},
   doi={10.5281/zenodo.1464816},
   edition={},
   year={}
}

@manual{SI3_manual,
   title={SI³ – Sea Ice modelling Integrated Initiative – The NEMO Sea Ice engine},
   author={NEMO Sea Ice Working Group},
   organization={NEMO Consortium},
   journal={Notes du Pôle de modélisation de l\'Institut Pierre-Simon Laplace (IPSL)},
   number={31},
   publisher={Zenodo},
   abstract={SI³ (Sea Ice modelling Integrated Initiative) is the sea ice engine of NEMO
   (Nucleus for European Modelling of the Ocean).
   SI³ is based on the Arctic Ice Dynamics Joint EXperiment (AIDJEX) framework,
   combining the ice thickness distribution framework, the conservation of horizontal momentum,
   an elastic-viscous plastic rheology, and energy-conserving halo-thermodynamics.
   SI³ is interfaced with the NEMO ocean engine, and, via the OASIS coupler, with
   several atmospheric general circulation models.
   It also supports two-way grid embedding via the AGRIF software.},
   doi={10.5281/zenodo.1471689},
   edition={},
   year={}
}

@manual{TOP_manual,
   title={TOP – Tracers in Ocean Paradigm – The NEMO Tracers engine},
   author={NEMO TOP Working Group},
   organization={NEMO Consortium},
   journal={Notes du Pôle de modélisation de l\'Institut Pierre-Simon Laplace (IPSL)},
   number={28},
   publisher={Zenodo},
   abstract={},
   doi={10.5281/zenodo.1471700},
   edition={},
   year={}
}

@Article{gmd-8-1245-2015,
   author = {Vidard, A. and Bouttier, P.-A. and Vigilant, F.},
   title = {{NEMOTAM}: {T}angent and {A}djoint {M}odels for the ocean modelling platform {NEMO}},
   journal = {Geoscientific Model Development},
   volume = {8},
   year = {2015},
   number = {4},
   pages = {1245--1257},
   doi = {10.5194/gmd-8-1245-2015}
}
