@ARTICLE{Reverdin1991,
  author =       {G. Reverdin and P. Delecluse and C. L\'{e}vy and
                  P. Andrich and A. Morli\`{e}re and J. M. Verstraete},
  title =        {The near surface tropical Atlantic in 1982-1984 :
                  results from a numerical simulation and a data
                  analysis},
  journal =      PO,
  year =         1991,
  volume =       27,
  pages =        {273--340}
}

@ARTICLE{Fujio1991,
  author =       {S. Fujio and N. Imasato},
  title =        {Diagnostic calculation for circulation and water
                  mass movement in the deep Pacific},
  journal =      JGR,
  year =         1991,
  volume =       96,
  pages =        {759--774}
}

@PHDTHESIS{Marti_PhD92,
  author =       {O. Marti},
  title =        {Etude de l'oc\'{e}an mondial : mod\'{e}lisation de
                  la circulation et du transport de traceurs
                  anthropog\'{e}niques},
  school =       {Universit\'{e} Pierre et Marie Curie, Paris, France,
                  201pp},
  year =         1992
}
