../../../tests/test_cases.bib