../../../cfgs/AGRIF_DEMO/zooms.bib