
@article{         aumont.ethé.ea_GMD15,
  title         = "PISCES-v2: an ocean biogeochemical model for carbon and
                  ecosystem studies",
  pages         = "2465--2513",
  journal       = "Geoscientific Model Development",
  volume        = "8",
  number        = "8",
  author        = "Aumont, O. and Ethé, C. and Tagliabue, A. and Bopp, L.
                  and Gehlen, M.",
  year          = "2015",
  month         = "Aug",
  publisher     = "Copernicus GmbH",
  issn          = "1991-9603",
  doi           = "10.5194/gmd-8-2465-2015"
}

@article{         o’dea.arnold.ea_JOO12,
  title         = "An operational ocean forecast system incorporating NEMO
                  and SST data assimilation for the tidally driven European
                  North-West shelf",
  pages         = "3--17",
  journal       = "Journal of Operational Oceanography",
  volume        = "5",
  number        = "1",
  author        = "O’Dea, E J and Arnold, A K and Edwards, K P and Furner,
                  R and Hyder, P and Martin, M J and Siddorn, J R and
                  Storkey, D and While, J and Holt, J T and et al.",
  year          = "2012",
  month         = "Feb",
  publisher     = "Informa UK Limited",
  issn          = "1755-8778",
  doi           = "10.1080/1755876x.2012.11020128"
}
